@article{baumdicker2022,
  title={Efficient ancestry and mutation simulation with msprime 1.0},
  author={Baumdicker, Franz and Bisschop, Gertjan and Goldstein, Daniel and Gower, Graham and Ragsdale, Aaron P and Tsambos, Georgia and Zhu, Sha and Eldon, Bjarki and Ellerman, E Castedo and Galloway, Jared G and others},
  journal={Genetics},
  volume={220},
  number={3},
  pages={iyab229},
  year={2022},
  publisher={Oxford University Press}
}

@article{kelleher2016,
  title={Efficient coalescent simulation and genealogical analysis for large sample sizes},
  author={Kelleher, Jerome and Etheridge, Alison M and McVean, Gilean},
  journal={PLoS computational biology},
  volume={12},
  number={5},
  pages={e1004842},
  year={2016},
  publisher={Public Library of Science San Francisco, CA USA}
}

@article{kelleher2019,
  title={Inferring whole-genome histories in large population datasets},
  author={Kelleher, Jerome and Wong, Yan and Wohns, Anthony W and Fadil, Chaimaa and Albers, Patrick K and McVean, Gil},
  journal={Nature genetics},
  volume={51},
  number={9},
  pages={1330--1338},
  year={2019},
  publisher={Nature Publishing Group US New York}
}

@article{speed2017,
  title={Reevaluation of SNP heritability in complex human traits},
  author={Speed, Doug and Cai, Na and Ucleb Consortium and Johnson, Michael R and Nejentsev, Sergey and Balding, David J},
  journal={Nature genetics},
  volume={49},
  number={7},
  pages={986--992},
  year={2017},
  publisher={Nature Publishing Group US New York}
}

@article{schoech2019,
  title={Quantification of frequency-dependent genetic architectures in 25 UK Biobank traits reveals action of negative selection},
  author={Schoech, Armin P and Jordan, Daniel M and Loh, Po-Ru and Gazal, Steven and Oâ€™Connor, Luke J and Balick, Daniel J and Palamara, Pier F and Finucane, Hilary K and Sunyaev, Shamil R and Price, Alkes L},
  journal={Nature communications},
  volume={10},
  number={1},
  pages={790},
  year={2019},
  publisher={Nature Publishing Group UK London}
}

